@book{williamson2011design,
    title       ={The Design of Approximation Algorithms},
    author      ={Williamson, David P and Shmoys, David B},
    year        ={2011},
    publisher   ={Cambridge University Press}
}

@book{vazirani2001approximation,
  title         ={Approximation Algorithms},
  author        ={Vazirani, Vijay V},
  year          ={2001},
  publisher     ={Springer}
}